<?xml version="1.0" encoding="UTF-8"?><record xmlns="http://www.loc.gov/MARC21/slim" xmlns:cinclude="http://apache.org/cocoon/include/1.0" xmlns:zs="http://www.loc.gov/zing/srw/">
  <leader>00722cz  a2200217n  4500</leader>
  <controlfield tag="001">no2010208839</controlfield>
  <controlfield tag="003">DLC</controlfield>
  <controlfield tag="005">20140320073828.0</controlfield>
  <controlfield tag="008">101229n| azaaaaaan          |a ana     c</controlfield>
  <datafield tag="010" ind1=" " ind2=" ">
    <subfield code="a">no2010208839</subfield>
  </datafield>
  <datafield tag="035" ind1=" " ind2=" ">
    <subfield code="a">(OCoLC)oca08726665</subfield>
  </datafield>
  <datafield tag="040" ind1=" " ind2=" ">
    <subfield code="a">AzTeS</subfield>
    <subfield code="b">eng</subfield>
    <subfield code="e">rda</subfield>
    <subfield code="c">AzTeS</subfield>
    <subfield code="d">CSt</subfield>
  </datafield>
  <datafield tag="130" ind1=" " ind2="0">
    <subfield code="a">Série Extensão (Recife, Brazil)</subfield>
  </datafield>
  <datafield tag="430" ind1=" " ind2="0">
    <subfield code="a">Extensão (Recife, Brazil)</subfield>
  </datafield>
  <datafield tag="410" ind1="2" ind2=" ">
    <subfield code="a">Universidade Federal de Pernambuco.</subfield>
    <subfield code="b">Editora Universitária.</subfield>
    <subfield code="t">Série Extensão</subfield>
  </datafield>
  <datafield tag="642" ind1=" " ind2=" ">
    <subfield code="a">5</subfield>
    <subfield code="5">DPCC</subfield>
    <subfield code="5">AzTeS</subfield>
  </datafield>
  <datafield tag="643" ind1=" " ind2=" ">
    <subfield code="a">Recife</subfield>
    <subfield code="b">Editora Universitária UFPE</subfield>
  </datafield>
  <datafield tag="644" ind1=" " ind2=" ">
    <subfield code="a">f</subfield>
    <subfield code="5">AzTeS</subfield>
  </datafield>
  <datafield tag="645" ind1=" " ind2=" ">
    <subfield code="a">t</subfield>
    <subfield code="5">DPCC</subfield>
    <subfield code="5">AzTeS</subfield>
  </datafield>
  <datafield tag="646" ind1=" " ind2=" ">
    <subfield code="a">s</subfield>
    <subfield code="5">AzTeS</subfield>
  </datafield>
  <datafield tag="670" ind1=" " ind2=" ">
    <subfield code="a">O pensamento das juventudes brasileiras no século XX, 2010:</subfield>
    <subfield code="b">cover (Série Extensão)</subfield>
  </datafield>
</record>